% Encoding: UTF-8
@article{corbet2019cryptocurrencies,
  title={Cryptocurrencies as a financial asset: A systematic analysis},
  author={Corbet, Shaen and Lucey, Brian and Urquhart, Andrew and Yarovaya, Larisa},
  journal={International Review of Financial Analysis},
  volume={62},
  pages={182--199},
  year={2019},
  publisher={Elsevier}
}
@article{corbet2018exploring,
  title={Exploring the dynamic relationships between cryptocurrencies and other financial assets},
  author={Corbet, Shaen and Meegan, Andrew and Larkin, Charles and Lucey, Brian and Yarovaya, Larisa},
  journal={Economics Letters},
  volume={165},
  pages={28--34},
  year={2018},
  publisher={Elsevier}
}
@article{dyhrberg2016bitcoin,
  title={Bitcoin, gold and the dollar--A GARCH volatility analysis},
  author={Dyhrberg, Anne Haubo},
  journal={Finance Research Letters},
  volume={16},
  pages={85--92},
  year={2016},
  publisher={Elsevier}
}
@article{kim2017transaction,
  title={On the transaction cost of Bitcoin},
  author={Kim, Thomas},
  journal={Finance Research Letters},
  volume={23},
  pages={300--305},
  year={2017},
  publisher={Elsevier}
}
@article{baur2018bitcoin,
  title={Bitcoin: Medium of exchange or speculative assets?},
  author={Baur, Dirk G and Hong, Kihoon and Lee, Adrian D},
  journal={Journal of International Financial Markets, Institutions and Money},
  volume={54},
  pages={177--189},
  year={2018},
  publisher={Elsevier}
}
@article{fry2018booms,
  title={Booms, busts and heavy-tails: The story of Bitcoin and cryptocurrency markets?},
  author={Fry, John},
  journal={Economics Letters},
  volume={171},
  pages={225--229},
  year={2018},
  publisher={Elsevier}
}
@article{chu2017garch,
  title={GARCH modelling of cryptocurrencies},
  author={Chu, Jeffrey and Chan, Stephen and Nadarajah, Saralees and Osterrieder, Joerg},
  journal={Journal of Risk and Financial Management},
  volume={10},
  number={4},
  pages={17},
  year={2017},
  publisher={Multidisciplinary Digital Publishing Institute}
}
@article{bouri2017return,
  title={On the return-volatility relationship in the Bitcoin market around the price crash of 2013},
  author={Bouri, Elie and Azzi, Georges and Dyhrberg, Anne Haubo},
  journal={Economics},
  volume={11},
  number={1},
  year={2017},
  publisher={Sciendo}
}
@article{katsiampa2017volatility,
  title={Volatility estimation for Bitcoin: A comparison of GARCH models},
  author={Katsiampa, Paraskevi},
  journal={Economics Letters},
  volume={158},
  pages={3--6},
  year={2017},
  publisher={Elsevier}
}
@article{haas2004new,
  title={A new approach to Markov-switching GARCH models},
  author={Haas, Markus and Mittnik, Stefan and Paolella, Marc S},
  journal={Journal of financial Econometrics},
  volume={2},
  number={4},
  pages={493--530},
  year={2004},
  publisher={Oxford University Press}
}
@article{gray1996modeling,
  title={Modeling the conditional distribution of interest rates as a regime-switching process},
  author={Gray, Stephen F},
  journal={Journal of financial economics},
  volume={42},
  number={1},
  pages={27--62},
  year={1996},
  publisher={Elsevier}
}
@article{bauwens2014marginal,
  title={Marginal likelihood for Markov-switching and change-point GARCH models},
  author={Bauwens, Luc and Dufays, Arnaud and Rombouts, Jeroen VK},
  journal={Journal of Econometrics},
  volume={178},
  pages={508--522},
  year={2014},
  publisher={Elsevier}
}
@article{ardia2019regime,
  title={Regime changes in Bitcoin GARCH volatility dynamics},
  author={Ardia, David and Bluteau, Keven and R{\"u}ede, Maxime},
  journal={Finance Research Letters},
  volume={29},
  pages={266--271},
  year={2019},
  publisher={Elsevier}
}
@article{ardia2018forecasting,
  title={Forecasting risk with Markov-switching GARCH models: A large-scale performance study},
  author={Ardia, David and Bluteau, Keven and Boudt, Kris and Catania, Leopoldo},
  journal={International Journal of Forecasting},
  volume={34},
  number={4},
  pages={733--747},
  year={2018},
  publisher={Elsevier}
}
@article{caporale2019modelling,
  title={Modelling volatility of cryptocurrencies using Markov-Switching GARCH models},
  author={Caporale, Guglielmo Maria and Zekokh, Timur},
  journal={Research in International Business and Finance},
  volume={48},
  pages={143--155},
  year={2019},
  publisher={Elsevier}
}
@article{maciel2021cryptocurrencies,
  title={Cryptocurrencies value-at-risk and expected shortfall: Do regime-switching volatility models improve forecasting?},
  author={Maciel, Leandro},
  journal={International Journal of Finance \& Economics},
  volume={26},
  number={3},
  pages={4840--4855},
  year={2021},
  publisher={Wiley Online Library}
}
@article{engle1982autoregressive,
  title={Autoregressive conditional heteroscedasticity with estimates of the variance of United Kingdom inflation},
  author={Engle, Robert F},
  journal={Econometrica: Journal of the econometric society},
  pages={987--1007},
  year={1982},
  publisher={JSTOR}
}
@article{bollerslev1986generalized,
  title={Generalized autoregressive conditional heteroskedasticity},
  author={Bollerslev, Tim},
  journal={Journal of econometrics},
  volume={31},
  number={3},
  pages={307--327},
  year={1986},
  publisher={Elsevier}
}
@article{bollerslev1987conditionally,
  title={A conditionally heteroskedastic time series model for speculative prices and rates of return},
  author={Bollerslev, Tim},
  journal={The review of economics and statistics},
  pages={542--547},
  year={1987},
  publisher={JSTOR}
}
@article{glosten1993relation,
  title={On the relation between the expected value and the volatility of the nominal excess return on stocks},
  author={Glosten, Lawrence R and Jagannathan, Ravi and Runkle, David E},
  journal={The journal of finance},
  volume={48},
  number={5},
  pages={1779--1801},
  year={1993},
  publisher={Wiley Online Library}
}
@article{cai1994markov,
  title={A Markov model of switching-regime ARCH},
  author={Cai, Jun},
  journal={Journal of Business \& Economic Statistics},
  volume={12},
  number={3},
  pages={309--316},
  year={1994},
  publisher={Taylor \& Francis}
}
@article{hamilton1994autoregressive,
  title={Autoregressive conditional heteroskedasticity and changes in regime},
  author={Hamilton, James D and Susmel, Raul},
  journal={Journal of econometrics},
  volume={64},
  number={1-2},
  pages={307--333},
  year={1994},
  publisher={Elsevier}
}
@article{nelson1991conditional,
  title={Conditional heteroskedasticity in asset returns: A new approach},
  author={Nelson, Daniel B},
  journal={Econometrica: Journal of the Econometric Society},
  pages={347--370},
  year={1991},
  publisher={JSTOR}
}
@article{nakamoto2008bitcoin,
  title={Bitcoin: A peer-to-peer electronic cash system},
  author={Nakamoto, Satoshi},
  journal={Decentralized Business Review},
  pages={21260},
  year={2008}
}
@incollection{klaassen2002improving,
  title={Improving GARCH volatility forecasts with regime-switching GARCH},
  author={Klaassen, Franc},
  booktitle={Advances in Markov-switching models},
  pages={223--254},
  year={2002},
  publisher={Springer}
}
@article{kupiec1995techniques,
  title={Techniques for verifying the accuracy of risk measurement models},
  author={Kupiec, Paul},
  journal={The J. of Derivatives},
  volume={3},
  number={2},
  year={1995}
}
@article{dueker1997markov,
  title={Markov switching in GARCH processes and mean-reverting stock-market volatility},
  author={Dueker, Michael J},
  journal={Journal of Business \& Economic Statistics},
  volume={15},
  number={1},
  pages={26--34},
  year={1997},
  publisher={Taylor \& Francis}
}
@article{paolella2012mixture,
  title={Mixture and regime-switching GARCH models},
  author={Paolella, Marc S and Haas, Markus and Bauwens, Luc and Hafner, Christian M and Laurent, Sebastian},
  journal={Wiley handbooks in financial engineering and econometrics},
  number={3},
  pages={71--102},
  year={2012},
  publisher={Wiley}
}
@article{acerbi2002expected,
  title={Expected shortfall: a natural coherent alternative to value at risk},
  author={Acerbi, Carlo and Tasche, Dirk},
  journal={Economic notes},
  volume={31},
  number={2},
  pages={379--388},
  year={2002},
  publisher={Wiley Online Library}
}
@article{christoffersen2004backtesting,
  title={Backtesting value-at-risk: A duration-based approach},
  author={Christoffersen, Peter and Pelletier, Denis},
  journal={Journal of Financial Econometrics},
  volume={2},
  number={1},
  pages={84--108},
  year={2004},
  publisher={Oxford University Press}
}
@article{philippe2001value,
  title={Value at risk: the new benchmark for managing financial risk},
  author={Philippe, Jorion},
  journal={NY: McGraw-Hill Professional},
  year={2001}
}
@article{nieto2016frontiers,
  title={Frontiers in VaR forecasting and backtesting},
  author={Nieto, Maria Rosa and Ruiz, Esther},
  journal={International Journal of Forecasting},
  volume={32},
  number={2},
  pages={475--501},
  year={2016},
  publisher={Elsevier}
}
@phdthesis{katsenga2013value,
  title={Value at risk (VaR) backtesting'Evidence from a South African market portfolio'},
  author={Katsenga, Gerald Z},
  year={2013}
}
@article{christoffersen2008backtesting,
  title={Backtesting},
  author={Christoffersen, Peter},
  journal={Available at SSRN 2044825},
  year={2008}
}
@article{campbell2005review,
  title={A review of backtesting and backtesting procedures},
  author={Campbell, Sean D},
  year={2005}
}
@article{christoffersen1998evaluating,
  title={Evaluating interval forecasts},
  author={Christoffersen, Peter F},
  journal={International economic review},
  pages={841--862},
  year={1998},
  publisher={JSTOR}
}
@article{vihola2012robust,
  title={Robust adaptive Metropolis algorithm with coerced acceptance rate},
  author={Vihola, Matti},
  journal={Statistics and Computing},
  volume={22},
  number={5},
  pages={997--1008},
  year={2012},
  publisher={Springer}
}
@article{bohl2011individual,
  title={Do individual index futures investors destabilize the underlying spot market?},
  author={Bohl, Martin T and Salm, Christian A and Wilfling, Bernd},
  journal={Journal of Futures Markets},
  volume={31},
  number={1},
  pages={81--101},
  year={2011},
  publisher={Wiley Online Library}
}
@article{trottier2016moments,
  title={Moments of standardized Fernandez--Steel skewed distributions: Applications to the estimation of GARCH-type models},
  author={Trottier, Denis-Alexandre and Ardia, David},
  journal={Finance Research Letters},
  volume={18},
  pages={311--316},
  year={2016},
  publisher={Elsevier}
}
@incollection{akaike1998information,
  title={Information theory and an extension of the maximum likelihood principle},
  author={Akaike, Hirotogu},
  booktitle={Selected papers of hirotugu akaike},
  pages={199--213},
  year={1998},
  publisher={Springer}
}
@article{schwarz1978estimating,
  title={Estimating the dimension of a model},
  author={Schwarz, Gideon},
  journal={The annals of statistics},
  pages={461--464},
  year={1978},
  publisher={JSTOR}
}
@book{guidolin2018essentials,
  title={Essentials of time series for financial applications},
  author={Guidolin, Massimo and Pedio, Manuela},
  year={2018},
  publisher={Academic Press}
}
@article{stavroyiannis2018value,
  title={Value-at-risk and related measures for the Bitcoin},
  author={Stavroyiannis, Stavros},
  journal={The Journal of Risk Finance},
  year={2018},
  publisher={Emerald Publishing Limited}
}
@article{catania2017modelling,
  title={Modelling crypto-currencies financial time-series},
  author={Catania, Leopoldo and Grassi, Stefano},
  journal={Available at SSRN 3028486},
  year={2017}
}
@misc{basel1996supervision,
  author = {{Basel Comittee on Banking Supervision}},
  title = {Amendment to the capital accord to incorporate market risks},
  month = {Jan},
  year = {1996},
  howpublished={\url{https://www.bis.org/publ/bcbs24.htm}}
}
@misc{basel1996backtest,
  author = {{Supervisory framework for the use of 'backtesting' in conjunction with the internal models approach to market risk capital requirements}},
  title = {Amendment to the capital accord to incorporate market risks},
  month = {Jan},
  year = {1996},
  howpublished={\url{https://www.bis.org/publ/bcbs22.htm}}
}
@article{alexander2020critical,
  title={A critical investigation of cryptocurrency data and analysis},
  author={Alexander, Carol and Dakos, Michael},
  journal={Quantitative Finance},
  volume={20},
  number={2},
  pages={173--188},
  year={2020},
  publisher={Taylor \& Francis}
}
@article{ardia2019msgarchr,
 title={Markov-Switching GARCH Models in R: The MSGARCH Package},
 volume={91},
 url={https://www.jstatsoft.org/index.php/jss/article/view/v091i04},
 doi={10.18637/jss.v091.i04},
 abstract={We describe the package MSGARCH, which implements Markov-switching GARCH (generalized autoregressive conditional heteroscedasticity) models in R with efficient C++ object-oriented programming. Markov-switching GARCH models have become popular methods to account for regime changes in the conditional variance dynamics of time series. The package MSGARCH allows the user to perform simulations as well as maximum likelihood and Bayesian Markov chain Monte Carlo estimations of a very large class of Markov-switching GARCH-type models. The package also provides methods to make single-step and multi-step ahead forecasts of the complete conditional density of the variable of interest. Risk management tools to estimate conditional volatility, value-at-risk, and expected-shortfall are also available. We illustrate the broad functionality of the MSGARCH package using exchange rate and stock market return data.},
 number={4},
 journal={Journal of Statistical Software},
 author={Ardia, David and Bluteau, Keven and Boudt, Kris and Catania, Leopoldo and Trottier, Denis-Alexandre},
 year={2019},
 pages={1–38}
}
@article{spiegelhalter2002bayesian,
  title={Bayesian measures of model complexity and fit},
  author={Spiegelhalter, David J and Best, Nicola G and Carlin, Bradley P and Van Der Linde, Angelika},
  journal={Journal of the royal statistical society: Series b (statistical methodology)},
  volume={64},
  number={4},
  pages={583--639},
  year={2002},
  publisher={Wiley Online Library}
}